% -----------------------------------------------------------------------
% File: CogSci_Template.bib
% -----------------------------------------------------------------------

% Modified : Eli M. Silk (esilk at pitt.edu)            05/24/2005


@inproceedings{mason2011use,
        Address = {Austin, TX},
        Author = {Mason, W.A. and Suri, S.},
        Booktitle = {Proceedings of the 33rd Annual Conference of the Cognitive Science Society},
        Date-Modified = {2013-02-01 20:47:31 +0000},
        Editor = {L. Carlson AND C. H\"{o}lscher AND T. Shipley},
        Pages = {66--67},
        Publisher = {Cognitive Science Society},
        Title = {How to use Mechanical Turk for cognitive science research},
        Year = {2011}}

@inproceedings{coenen2013using,
        Address = {Austin, TX},
        Author = {Coenen, A. and Markant, D. and Martin, J.B. and McDonnell, J.},
        Booktitle = {Proceedings of the 35th Annual Conference of the Cognitive Science Society},
        Editor = {M. Knauff AND M. Pauen AND N. Sebanz AND I. Wachsmuth},
        Pages = {22--23},
        Publisher = {Cognitive Science Society},
        Title = {Using Mechanical Turk and PsiTurk for Dynamic Web Experiments},
        Year = {2013}}

@Article{crump2013evaluating,
  author = {Crump, M.J.C. AND McDonnell, J.V. AND Gureckis, T.M.},
  title =	 { Evaluating {A}mazon's {M}echanical {T}urk as a tool for experimental behavioral research},
  journal =	 {PLoS ONE},
  year =	 2013,
  volume =	 8,
  number = 3
}

@Article{zwann2012revisiting,
  author = {Zwann, R.A. AND Pechler, D.},
  title =   { Revisiting mental simulation in language comprehension: six replication attempts},
  journal =	 {PLoS ONE},
  year =	 2012,
  volume =	 7,
  number = 3,
}

@Article{paolacci2010running,
  author = {Paolacci, G. AND Chandler, J. AND Ipeirotis, P.G.},
  title =   {Running experiments on {A}mazon {M}echanical {T}urk},
  journal =   {Judgment and Decision Making},
  year =	 2010,
  volume =	 5,
  number = 5,
  pages = {411--419}
}

@Article{buhrmester2011amazon,
  author = {Buhrmester, M. AND Kwang, T. AND Gosling, S.D.},
  title =   {{A}mazon's {M}echanical {T}urk: A new source of inexpensive, yet high-quality, data?},
  journal =   {Perspectives on Psychological Science},
  year =   2011,
  volume =	 6,
  number = 1,
  pages = {3--5}
}

@Article{goodman2013data,
  author = {Goodman, J.K. AND Cryder, C.E. AND Cheema, A.},
  title =   {Data collection in a flat world: The strengths and weaknesses of {M}echanical {T}urk samples},
  journal =   {Journal of Behavioral Decision Making},
  year =   2013,
  volume =   26,
  number = 1,
  pages = {213--224}
}

% -----------------------------------------------------------------------
% Document End
% -----------------------------------------------------------------------
